<?xml version='1.0' encoding='UTF-8'?>
<record xmlns="http://www.loc.gov/MARC21/slim">
  <leader>01149cam a22003255  4500</leader>
  <controlfield tag="001">2834301</controlfield>
  <controlfield tag="003">NjP</controlfield>
  <controlfield tag="005">20171019170302.0</controlfield>
  <controlfield tag="008">991130s1955    ua            000 0 ara d</controlfield>
  <datafield tag="024" ind1="7" ind2=" ">
    <subfield code="a">princeton_aco002432</subfield>
    <subfield code="2">local</subfield>
  </datafield>
  <datafield ind1=" " ind2=" " tag="035">
    <subfield code="a">(OCoLC)ocn178118413</subfield>
  </datafield>
  <datafield ind1=" " ind2=" " tag="035">
    <subfield code="a">(OCoLC)ocm42898907</subfield>
  </datafield>
  <datafield ind1=" " ind2=" " tag="040">
    <subfield code="a">PUL</subfield>
    <subfield code="c">PUL</subfield>
    <subfield code="d">PUL</subfield>
  </datafield>
  <datafield ind1=" " ind2=" " tag="035">
    <subfield code="a">(OCoLC)178118413</subfield>
  </datafield>
  <datafield ind1=" " ind2=" " tag="035">
    <subfield code="9">CNR6669TS</subfield>
  </datafield>
  <datafield ind1=" " ind2=" " tag="035">
    <subfield code="a">(NjP)2834301</subfield>
  </datafield>
  <datafield ind1=" " ind2=" " tag="079">
    <subfield code="a">ocm42898907</subfield>
  </datafield>
  <datafield ind1=" " ind2=" " tag="049">
    <subfield code="a">PULL</subfield>
  </datafield>
  <datafield ind1="1" ind2=" " tag="110">
    <subfield code="a">France.</subfield>
    <subfield code="0">http://id.loc.gov/authorities/names/n79006404</subfield>
  </datafield>
  <datafield ind1="1" ind2="0" tag="240">
    <subfield code="a">Treaties, etc.</subfield>
  </datafield>
  <datafield ind1="1" ind2="3" tag="245">
    <subfield code="6">880-01</subfield>
    <subfield code="a">al-Ittifāqīyāt al-Faransīyah al-Tūnisī-yah wa-mulḥaqātuhā.</subfield>
  </datafield>
  <datafield ind1=" " ind2=" " tag="260">
    <subfield code="6">880-02</subfield>
    <subfield code="a">Cairo,</subfield>
    <subfield code="b">al-Maṭbaʻah al-ʻĀlamīyah,</subfield>
    <subfield code="c">1955.</subfield>
  </datafield>
  <datafield ind1=" " ind2=" " tag="300">
    <subfield code="a">91 p.</subfield>
    <subfield code="c">28 cm.</subfield>
  </datafield>
  <datafield ind1=" " ind2=" " tag="546">
    <subfield code="a">In Arabic.</subfield>
  </datafield>
  <datafield ind1=" " ind2="0" tag="651">
    <subfield code="a">France</subfield>
    <subfield code="x">Foreign relations</subfield>
    <subfield code="v">Treaties.</subfield>
  </datafield>
  <datafield ind1=" " ind2="0" tag="651">
    <subfield code="a">Tunisia</subfield>
    <subfield code="x">Foreign relations</subfield>
    <subfield code="z">France.</subfield>
  </datafield>
  <datafield ind1="1" ind2=" " tag="710">
    <subfield code="a">Tunisia.</subfield>
    <subfield code="t">Treaties, etc., 1955.</subfield>
    <subfield code="0">http://id.loc.gov/authorities/names/n79065220</subfield>
  </datafield>
  <datafield ind1="1" ind2="2" tag="880">
    <subfield code="6">245-01/r</subfield>
    <subfield code="a">الاتفاقيات الفرنسية التونسيية وملحقاتها.</subfield>
  </datafield>
  <datafield ind1=" " ind2=" " tag="880">
    <subfield code="6">260-02/r</subfield>
    <subfield code="a">Cairo</subfield>
    <subfield code="b">المطبعة العالمية،</subfield>
    <subfield code="c">1955.</subfield>
  </datafield>
  <datafield ind1=" " ind2=" " tag="911">
    <subfield code="a">20000220</subfield>
  </datafield>
  <datafield ind1=" " ind2=" " tag="994">
    <subfield code="a">C0</subfield>
    <subfield code="b">PUL</subfield>
  </datafield>
  <datafield ind1=" " ind2=" " tag="999">
    <subfield code="a">2834301</subfield>
  </datafield>
  <datafield ind1="0" ind2="0" tag="852">
    <subfield code="0">3146747</subfield>
    <subfield code="b">nec</subfield>
    <subfield code="t">1</subfield>
    <subfield code="h">DC59.8.T8</subfield>
    <subfield code="i">F736 1955</subfield>
  </datafield>
  <datafield ind1=" " ind2=" " tag="959">
    <subfield code="a">2009-06-30 09:11:12 -0400</subfield>
  </datafield>
</record>
